%YAML 1.1
%TAG !u! tag:unity3d.com,2011:
--- !u!29 &1
OcclusionCullingSettings:
  m_ObjectHideFlags: 0
  serializedVersion: 2
  m_OcclusionBakeSettings:
    smallestOccluder: 5
    smallestHole: 0.25
    backfaceThreshold: 100
  m_SceneGUID: 00000000000000000000000000000000
  m_OcclusionCullingData: {fileID: 0}
--- !u!104 &2
RenderSettings:
  m_ObjectHideFlags: 0
  serializedVersion: 9
  m_Fog: 0
  m_FogColor: {r: 0.5, g: 0.5, b: 0.5, a: 1}
  m_FogMode: 3
  m_FogDensity: 0.01
  m_LinearFogStart: 0
  m_LinearFogEnd: 300
  m_AmbientSkyColor: {r: 0.212, g: 0.227, b: 0.259, a: 1}
  m_AmbientEquatorColor: {r: 0.114, g: 0.125, b: 0.133, a: 1}
  m_AmbientGroundColor: {r: 0.047, g: 0.043, b: 0.035, a: 1}
  m_AmbientIntensity: 1
  m_AmbientMode: 0
  m_SubtractiveShadowColor: {r: 0.42, g: 0.478, b: 0.627, a: 1}
  m_SkyboxMaterial: {fileID: 10304, guid: 0000000000000000f000000000000000, type: 0}
  m_HaloStrength: 0.5
  m_FlareStrength: 1
  m_FlareFadeSpeed: 3
  m_HaloTexture: {fileID: 0}
  m_SpotCookie: {fileID: 10001, guid: 0000000000000000e000000000000000, type: 0}
  m_DefaultReflectionMode: 0
  m_DefaultReflectionResolution: 128
  m_ReflectionBounces: 1
  m_ReflectionIntensity: 1
  m_CustomReflection: {fileID: 0}
  m_Sun: {fileID: 705507994}
  m_IndirectSpecularColor: {r: 0.44632775, g: 0.49613243, b: 0.574665, a: 1}
  m_UseRadianceAmbientProbe: 0
--- !u!157 &3
LightmapSettings:
  m_ObjectHideFlags: 0
  serializedVersion: 11
  m_GIWorkflowMode: 1
  m_GISettings:
    serializedVersion: 2
    m_BounceScale: 1
    m_IndirectOutputScale: 1
    m_AlbedoBoost: 1
    m_EnvironmentLightingMode: 0
    m_EnableBakedLightmaps: 1
    m_EnableRealtimeLightmaps: 0
  m_LightmapEditorSettings:
    serializedVersion: 12
    m_Resolution: 2
    m_BakeResolution: 40
    m_AtlasSize: 1024
    m_AO: 0
    m_AOMaxDistance: 1
    m_CompAOExponent: 1
    m_CompAOExponentDirect: 0
    m_ExtractAmbientOcclusion: 0
    m_Padding: 2
    m_LightmapParameters: {fileID: 0}
    m_LightmapsBakeMode: 1
    m_TextureCompression: 1
    m_FinalGather: 0
    m_FinalGatherFiltering: 1
    m_FinalGatherRayCount: 256
    m_ReflectionCompression: 2
    m_MixedBakeMode: 0
    m_BakeBackend: 1
    m_PVRSampling: 1
    m_PVRDirectSampleCount: 32
    m_PVRSampleCount: 500
    m_PVRBounces: 2
    m_PVREnvironmentSampleCount: 500
    m_PVREnvironmentReferencePointCount: 2048
    m_PVRFilteringMode: 2
    m_PVRDenoiserTypeDirect: 0
    m_PVRDenoiserTypeIndirect: 0
    m_PVRDenoiserTypeAO: 0
    m_PVRFilterTypeDirect: 0
    m_PVRFilterTypeIndirect: 0
    m_PVRFilterTypeAO: 0
    m_PVREnvironmentMIS: 0
    m_PVRCulling: 1
    m_PVRFilteringGaussRadiusDirect: 1
    m_PVRFilteringGaussRadiusIndirect: 5
    m_PVRFilteringGaussRadiusAO: 2
    m_PVRFilteringAtrousPositionSigmaDirect: 0.5
    m_PVRFilteringAtrousPositionSigmaIndirect: 2
    m_PVRFilteringAtrousPositionSigmaAO: 1
    m_ExportTrainingData: 0
    m_TrainingDataDestination: TrainingData
    m_LightProbeSampleCountMultiplier: 4
  m_LightingDataAsset: {fileID: 112000000, guid: 201458c8a1f4c0c4f99aa61b598c0f0c,
    type: 2}
  m_UseShadowmask: 0
--- !u!196 &4
NavMeshSettings:
  serializedVersion: 2
  m_ObjectHideFlags: 0
  m_BuildSettings:
    serializedVersion: 2
    agentTypeID: 0
    agentRadius: 0.5
    agentHeight: 2
    agentSlope: 45
    agentClimb: 0.4
    ledgeDropHeight: 0
    maxJumpAcrossDistance: 0
    minRegionArea: 2
    manualCellSize: 0
    cellSize: 0.16666667
    manualTileSize: 0
    tileSize: 256
    accuratePlacement: 0
    debug:
      m_Flags: 0
  m_NavMeshData: {fileID: 0}
--- !u!1 &72965581
GameObject:
  m_ObjectHideFlags: 0
  m_CorrespondingSourceObject: {fileID: 0}
  m_PrefabInstance: {fileID: 0}
  m_PrefabAsset: {fileID: 0}
  serializedVersion: 6
  m_Component:
  - component: {fileID: 72965582}
  m_Layer: 0
  m_Name: tr1
  m_TagString: Untagged
  m_Icon: {fileID: 0}
  m_NavMeshLayer: 0
  m_StaticEditorFlags: 0
  m_IsActive: 1
--- !u!4 &72965582
Transform:
  m_ObjectHideFlags: 0
  m_CorrespondingSourceObject: {fileID: 0}
  m_PrefabInstance: {fileID: 0}
  m_PrefabAsset: {fileID: 0}
  m_GameObject: {fileID: 72965581}
  m_LocalRotation: {x: 0, y: 0, z: 0.3420201, w: 0.9396927}
  m_LocalPosition: {x: 0, y: 0, z: 0}
  m_LocalScale: {x: 1, y: 1, z: 1}
  m_Children: []
  m_Father: {fileID: 1882750110}
  m_RootOrder: 1
  m_LocalEulerAnglesHint: {x: 0, y: 0, z: 40}
--- !u!1 &122666612
GameObject:
  m_ObjectHideFlags: 0
  m_CorrespondingSourceObject: {fileID: 0}
  m_PrefabInstance: {fileID: 0}
  m_PrefabAsset: {fileID: 0}
  serializedVersion: 6
  m_Component:
  - component: {fileID: 122666613}
  - component: {fileID: 122666616}
  - component: {fileID: 122666615}
  - component: {fileID: 122666614}
  - component: {fileID: 122666617}
  m_Layer: 0
  m_Name: Sphere
  m_TagString: Untagged
  m_Icon: {fileID: 0}
  m_NavMeshLayer: 0
  m_StaticEditorFlags: 0
  m_IsActive: 0
--- !u!4 &122666613
Transform:
  m_ObjectHideFlags: 0
  m_CorrespondingSourceObject: {fileID: 0}
  m_PrefabInstance: {fileID: 0}
  m_PrefabAsset: {fileID: 0}
  m_GameObject: {fileID: 122666612}
  m_LocalRotation: {x: 0, y: 0, z: 0, w: 1}
  m_LocalPosition: {x: 0, y: 0, z: 0}
  m_LocalScale: {x: 0.6, y: 0.6, z: 0.6}
  m_Children: []
  m_Father: {fileID: 1882750110}
  m_RootOrder: 2
  m_LocalEulerAnglesHint: {x: 0, y: 0, z: 0}
--- !u!135 &122666614
SphereCollider:
  m_ObjectHideFlags: 0
  m_CorrespondingSourceObject: {fileID: 0}
  m_PrefabInstance: {fileID: 0}
  m_PrefabAsset: {fileID: 0}
  m_GameObject: {fileID: 122666612}
  m_Material: {fileID: 0}
  m_IsTrigger: 0
  m_Enabled: 1
  serializedVersion: 2
  m_Radius: 0.5
  m_Center: {x: 0, y: 0, z: 0}
--- !u!23 &122666615
MeshRenderer:
  m_ObjectHideFlags: 0
  m_CorrespondingSourceObject: {fileID: 0}
  m_PrefabInstance: {fileID: 0}
  m_PrefabAsset: {fileID: 0}
  m_GameObject: {fileID: 122666612}
  m_Enabled: 0
  m_CastShadows: 1
  m_ReceiveShadows: 1
  m_DynamicOccludee: 1
  m_MotionVectors: 1
  m_LightProbeUsage: 1
  m_ReflectionProbeUsage: 1
  m_RayTracingMode: 2
  m_RenderingLayerMask: 1
  m_RendererPriority: 0
  m_Materials:
  - {fileID: 10303, guid: 0000000000000000f000000000000000, type: 0}
  m_StaticBatchInfo:
    firstSubMesh: 0
    subMeshCount: 0
  m_StaticBatchRoot: {fileID: 0}
  m_ProbeAnchor: {fileID: 0}
  m_LightProbeVolumeOverride: {fileID: 0}
  m_ScaleInLightmap: 1
  m_ReceiveGI: 1
  m_PreserveUVs: 0
  m_IgnoreNormalsForChartDetection: 0
  m_ImportantGI: 0
  m_StitchLightmapSeams: 1
  m_SelectedEditorRenderState: 3
  m_MinimumChartSize: 4
  m_AutoUVMaxDistance: 0.5
  m_AutoUVMaxAngle: 89
  m_LightmapParameters: {fileID: 0}
  m_SortingLayerID: 0
  m_SortingLayer: 0
  m_SortingOrder: 0
--- !u!33 &122666616
MeshFilter:
  m_ObjectHideFlags: 0
  m_CorrespondingSourceObject: {fileID: 0}
  m_PrefabInstance: {fileID: 0}
  m_PrefabAsset: {fileID: 0}
  m_GameObject: {fileID: 122666612}
  m_Mesh: {fileID: 10207, guid: 0000000000000000e000000000000000, type: 0}
--- !u!114 &122666617
MonoBehaviour:
  m_ObjectHideFlags: 0
  m_CorrespondingSourceObject: {fileID: 0}
  m_PrefabInstance: {fileID: 0}
  m_PrefabAsset: {fileID: 0}
  m_GameObject: {fileID: 122666612}
  m_Enabled: 1
  m_EditorHideFlags: 0
  m_Script: {fileID: 11500000, guid: 5c19c9c6ed64aa542b5d7095dadc0101, type: 3}
  m_Name: 
  m_EditorClassIdentifier: 
--- !u!1 &631718515 stripped
GameObject:
  m_CorrespondingSourceObject: {fileID: 257525902637265050, guid: c53fbe4bfeb78c2449f3ff3083990758,
    type: 3}
  m_PrefabInstance: {fileID: 1315507222}
  m_PrefabAsset: {fileID: 0}
--- !u!65 &631718516
BoxCollider:
  m_ObjectHideFlags: 0
  m_CorrespondingSourceObject: {fileID: 0}
  m_PrefabInstance: {fileID: 0}
  m_PrefabAsset: {fileID: 0}
  m_GameObject: {fileID: 631718515}
  m_Material: {fileID: 0}
  m_IsTrigger: 0
  m_Enabled: 1
  serializedVersion: 2
  m_Size: {x: 0.50468725, y: 0.14646213, z: 0.21018213}
  m_Center: {x: 0, y: 0.073231064, z: -0.000000007450581}
--- !u!114 &631718517
MonoBehaviour:
  m_ObjectHideFlags: 0
  m_CorrespondingSourceObject: {fileID: 0}
  m_PrefabInstance: {fileID: 0}
  m_PrefabAsset: {fileID: 0}
  m_GameObject: {fileID: 631718515}
  m_Enabled: 0
  m_EditorHideFlags: 0
  m_Script: {fileID: 11500000, guid: a969016629a13a94bb54ca988815d3b5, type: 3}
  m_Name: 
  m_EditorClassIdentifier: 
--- !u!114 &631718523
MonoBehaviour:
  m_ObjectHideFlags: 0
  m_CorrespondingSourceObject: {fileID: 0}
  m_PrefabInstance: {fileID: 0}
  m_PrefabAsset: {fileID: 0}
  m_GameObject: {fileID: 631718515}
  m_Enabled: 1
  m_EditorHideFlags: 0
  m_Script: {fileID: 11500000, guid: 9a30ab692bf395a409260ec7a64cc2cf, type: 3}
  m_Name: 
  m_EditorClassIdentifier: 
  dir: {x: 0, y: 0}
  deltaDir: {x: 0, y: 0}
  isTouchDown: 0
  isTouchUp: 0
  isTouching: 0
  dirMax: 6
  joystickScreenMult: 20
  zforce: 0
--- !u!108 &705507994 stripped
Light:
  m_CorrespondingSourceObject: {fileID: 6297754014442389013, guid: b59dea7e1898e4841b999f8d36191016,
    type: 3}
  m_PrefabInstance: {fileID: 6297754015147871375}
  m_PrefabAsset: {fileID: 0}
--- !u!1001 &752589943
PrefabInstance:
  m_ObjectHideFlags: 0
  serializedVersion: 2
  m_Modification:
    m_TransformParent: {fileID: 0}
    m_Modifications:
    - target: {fileID: 4006679236392455707, guid: 870850b44a3b51942b411e56ca9219a5,
        type: 3}
      propertyPath: m_AnchoredPosition.y
      value: -101.400024
      objectReference: {fileID: 0}
    - target: {fileID: 6578080527510347435, guid: 870850b44a3b51942b411e56ca9219a5,
        type: 3}
      propertyPath: m_Pivot.x
      value: 0
      objectReference: {fileID: 0}
    - target: {fileID: 6578080527510347435, guid: 870850b44a3b51942b411e56ca9219a5,
        type: 3}
      propertyPath: m_Pivot.y
      value: 0
      objectReference: {fileID: 0}
    - target: {fileID: 6578080527510347435, guid: 870850b44a3b51942b411e56ca9219a5,
        type: 3}
      propertyPath: m_RootOrder
      value: 3
      objectReference: {fileID: 0}
    - target: {fileID: 6578080527510347435, guid: 870850b44a3b51942b411e56ca9219a5,
        type: 3}
      propertyPath: m_AnchorMax.x
      value: 0
      objectReference: {fileID: 0}
    - target: {fileID: 6578080527510347435, guid: 870850b44a3b51942b411e56ca9219a5,
        type: 3}
      propertyPath: m_AnchorMax.y
      value: 0
      objectReference: {fileID: 0}
    - target: {fileID: 6578080527510347435, guid: 870850b44a3b51942b411e56ca9219a5,
        type: 3}
      propertyPath: m_AnchorMin.x
      value: 0
      objectReference: {fileID: 0}
    - target: {fileID: 6578080527510347435, guid: 870850b44a3b51942b411e56ca9219a5,
        type: 3}
      propertyPath: m_AnchorMin.y
      value: 0
      objectReference: {fileID: 0}
    - target: {fileID: 6578080527510347435, guid: 870850b44a3b51942b411e56ca9219a5,
        type: 3}
      propertyPath: m_SizeDelta.x
      value: 0
      objectReference: {fileID: 0}
    - target: {fileID: 6578080527510347435, guid: 870850b44a3b51942b411e56ca9219a5,
        type: 3}
      propertyPath: m_SizeDelta.y
      value: 0
      objectReference: {fileID: 0}
    - target: {fileID: 6578080527510347435, guid: 870850b44a3b51942b411e56ca9219a5,
        type: 3}
      propertyPath: m_LocalPosition.x
      value: 0
      objectReference: {fileID: 0}
    - target: {fileID: 6578080527510347435, guid: 870850b44a3b51942b411e56ca9219a5,
        type: 3}
      propertyPath: m_LocalPosition.y
      value: 0
      objectReference: {fileID: 0}
    - target: {fileID: 6578080527510347435, guid: 870850b44a3b51942b411e56ca9219a5,
        type: 3}
      propertyPath: m_LocalPosition.z
      value: 0
      objectReference: {fileID: 0}
    - target: {fileID: 6578080527510347435, guid: 870850b44a3b51942b411e56ca9219a5,
        type: 3}
      propertyPath: m_LocalRotation.w
      value: 1
      objectReference: {fileID: 0}
    - target: {fileID: 6578080527510347435, guid: 870850b44a3b51942b411e56ca9219a5,
        type: 3}
      propertyPath: m_LocalRotation.x
      value: 0
      objectReference: {fileID: 0}
    - target: {fileID: 6578080527510347435, guid: 870850b44a3b51942b411e56ca9219a5,
        type: 3}
      propertyPath: m_LocalRotation.y
      value: 0
      objectReference: {fileID: 0}
    - target: {fileID: 6578080527510347435, guid: 870850b44a3b51942b411e56ca9219a5,
        type: 3}
      propertyPath: m_LocalRotation.z
      value: 0
      objectReference: {fileID: 0}
    - target: {fileID: 6578080527510347435, guid: 870850b44a3b51942b411e56ca9219a5,
        type: 3}
      propertyPath: m_AnchoredPosition.x
      value: 0
      objectReference: {fileID: 0}
    - target: {fileID: 6578080527510347435, guid: 870850b44a3b51942b411e56ca9219a5,
        type: 3}
      propertyPath: m_AnchoredPosition.y
      value: 0
      objectReference: {fileID: 0}
    - target: {fileID: 6578080527510347435, guid: 870850b44a3b51942b411e56ca9219a5,
        type: 3}
      propertyPath: m_LocalEulerAnglesHint.x
      value: 0
      objectReference: {fileID: 0}
    - target: {fileID: 6578080527510347435, guid: 870850b44a3b51942b411e56ca9219a5,
        type: 3}
      propertyPath: m_LocalEulerAnglesHint.y
      value: 0
      objectReference: {fileID: 0}
    - target: {fileID: 6578080527510347435, guid: 870850b44a3b51942b411e56ca9219a5,
        type: 3}
      propertyPath: m_LocalEulerAnglesHint.z
      value: 0
      objectReference: {fileID: 0}
    - target: {fileID: 6578080527510347436, guid: 870850b44a3b51942b411e56ca9219a5,
        type: 3}
      propertyPath: m_Camera
      value: 
      objectReference: {fileID: 963194227}
    - target: {fileID: 6578080527510347439, guid: 870850b44a3b51942b411e56ca9219a5,
        type: 3}
      propertyPath: m_Name
      value: Canvas
      objectReference: {fileID: 0}
    m_RemovedComponents: []
  m_SourcePrefab: {fileID: 100100000, guid: 870850b44a3b51942b411e56ca9219a5, type: 3}
--- !u!1 &800723570
GameObject:
  m_ObjectHideFlags: 0
  m_CorrespondingSourceObject: {fileID: 0}
  m_PrefabInstance: {fileID: 0}
  m_PrefabAsset: {fileID: 0}
  serializedVersion: 6
  m_Component:
  - component: {fileID: 800723573}
  - component: {fileID: 800723572}
  - component: {fileID: 800723571}
  m_Layer: 0
  m_Name: EventSystem
  m_TagString: Untagged
  m_Icon: {fileID: 0}
  m_NavMeshLayer: 0
  m_StaticEditorFlags: 0
  m_IsActive: 1
--- !u!114 &800723571
MonoBehaviour:
  m_ObjectHideFlags: 0
  m_CorrespondingSourceObject: {fileID: 0}
  m_PrefabInstance: {fileID: 0}
  m_PrefabAsset: {fileID: 0}
  m_GameObject: {fileID: 800723570}
  m_Enabled: 1
  m_EditorHideFlags: 0
  m_Script: {fileID: 11500000, guid: 4f231c4fb786f3946a6b90b886c48677, type: 3}
  m_Name: 
  m_EditorClassIdentifier: 
  m_HorizontalAxis: Horizontal
  m_VerticalAxis: Vertical
  m_SubmitButton: Submit
  m_CancelButton: Cancel
  m_InputActionsPerSecond: 10
  m_RepeatDelay: 0.5
  m_ForceModuleActive: 0
--- !u!114 &800723572
MonoBehaviour:
  m_ObjectHideFlags: 0
  m_CorrespondingSourceObject: {fileID: 0}
  m_PrefabInstance: {fileID: 0}
  m_PrefabAsset: {fileID: 0}
  m_GameObject: {fileID: 800723570}
  m_Enabled: 1
  m_EditorHideFlags: 0
  m_Script: {fileID: 11500000, guid: 76c392e42b5098c458856cdf6ecaaaa1, type: 3}
  m_Name: 
  m_EditorClassIdentifier: 
  m_FirstSelected: {fileID: 0}
  m_sendNavigationEvents: 1
  m_DragThreshold: 10
--- !u!4 &800723573
Transform:
  m_ObjectHideFlags: 0
  m_CorrespondingSourceObject: {fileID: 0}
  m_PrefabInstance: {fileID: 0}
  m_PrefabAsset: {fileID: 0}
  m_GameObject: {fileID: 800723570}
  m_LocalRotation: {x: 0, y: 0, z: 0, w: 1}
  m_LocalPosition: {x: 0, y: 0, z: 0}
  m_LocalScale: {x: 1, y: 1, z: 1}
  m_Children: []
  m_Father: {fileID: 0}
  m_RootOrder: 2
  m_LocalEulerAnglesHint: {x: 0, y: 0, z: 0}
--- !u!1 &872732927
GameObject:
  m_ObjectHideFlags: 0
  m_CorrespondingSourceObject: {fileID: 0}
  m_PrefabInstance: {fileID: 0}
  m_PrefabAsset: {fileID: 0}
  serializedVersion: 6
  m_Component:
  - component: {fileID: 872732928}
  m_Layer: 0
  m_Name: tr0
  m_TagString: Untagged
  m_Icon: {fileID: 0}
  m_NavMeshLayer: 0
  m_StaticEditorFlags: 0
  m_IsActive: 1
--- !u!4 &872732928
Transform:
  m_ObjectHideFlags: 0
  m_CorrespondingSourceObject: {fileID: 0}
  m_PrefabInstance: {fileID: 0}
  m_PrefabAsset: {fileID: 0}
  m_GameObject: {fileID: 872732927}
  m_LocalRotation: {x: 0, y: 0, z: -0.3420201, w: 0.9396927}
  m_LocalPosition: {x: 0, y: 0, z: 0}
  m_LocalScale: {x: 1, y: 1, z: 1}
  m_Children: []
  m_Father: {fileID: 1882750110}
  m_RootOrder: 0
  m_LocalEulerAnglesHint: {x: 0, y: 0, z: -40}
--- !u!1 &963194225
GameObject:
  m_ObjectHideFlags: 0
  m_CorrespondingSourceObject: {fileID: 0}
  m_PrefabInstance: {fileID: 0}
  m_PrefabAsset: {fileID: 0}
  serializedVersion: 6
  m_Component:
  - component: {fileID: 963194228}
  - component: {fileID: 963194227}
  - component: {fileID: 963194226}
  m_Layer: 0
  m_Name: Main Camera
  m_TagString: MainCamera
  m_Icon: {fileID: 0}
  m_NavMeshLayer: 0
  m_StaticEditorFlags: 0
  m_IsActive: 1
--- !u!81 &963194226
AudioListener:
  m_ObjectHideFlags: 0
  m_CorrespondingSourceObject: {fileID: 0}
  m_PrefabInstance: {fileID: 0}
  m_PrefabAsset: {fileID: 0}
  m_GameObject: {fileID: 963194225}
  m_Enabled: 1
--- !u!20 &963194227
Camera:
  m_ObjectHideFlags: 0
  m_CorrespondingSourceObject: {fileID: 0}
  m_PrefabInstance: {fileID: 0}
  m_PrefabAsset: {fileID: 0}
  m_GameObject: {fileID: 963194225}
  m_Enabled: 1
  serializedVersion: 2
  m_ClearFlags: 1
  m_BackGroundColor: {r: 0.19215687, g: 0.3019608, b: 0.4745098, a: 0}
  m_projectionMatrixMode: 1
  m_GateFitMode: 2
  m_FOVAxisMode: 0
  m_SensorSize: {x: 36, y: 24}
  m_LensShift: {x: 0, y: 0}
  m_FocalLength: 50
  m_NormalizedViewPortRect:
    serializedVersion: 2
    x: 0
    y: 0
    width: 1
    height: 1
  near clip plane: 0.3
  far clip plane: 1000
  field of view: 60
  orthographic: 0
  orthographic size: 5
  m_Depth: -1
  m_CullingMask:
    serializedVersion: 2
    m_Bits: 4294967295
  m_RenderingPath: -1
  m_TargetTexture: {fileID: 0}
  m_TargetDisplay: 0
  m_TargetEye: 3
  m_HDR: 1
  m_AllowMSAA: 1
  m_AllowDynamicResolution: 0
  m_ForceIntoRT: 0
  m_OcclusionCulling: 1
  m_StereoConvergence: 10
  m_StereoSeparation: 0.022
--- !u!4 &963194228
Transform:
  m_ObjectHideFlags: 0
  m_CorrespondingSourceObject: {fileID: 0}
  m_PrefabInstance: {fileID: 0}
  m_PrefabAsset: {fileID: 0}
  m_GameObject: {fileID: 963194225}
  m_LocalRotation: {x: 0.66844803, y: -5.7762016e-17, z: -0.00000007968521, w: 0.74375886}
  m_LocalPosition: {x: 0, y: 16.79, z: -1.4}
  m_LocalScale: {x: 1, y: 1, z: 1}
  m_Children: []
  m_Father: {fileID: 0}
  m_RootOrder: 0
  m_LocalEulerAnglesHint: {x: 83.895004, y: 0, z: 0}
--- !u!1001 &1108556776
PrefabInstance:
  m_ObjectHideFlags: 0
  serializedVersion: 2
  m_Modification:
    m_TransformParent: {fileID: 0}
    m_Modifications:
    - target: {fileID: 3581385874147431799, guid: fd1722e3f74f8f846a52b0ab15316758,
        type: 3}
      propertyPath: m_RootOrder
      value: 5
      objectReference: {fileID: 0}
    - target: {fileID: 3581385874147431799, guid: fd1722e3f74f8f846a52b0ab15316758,
        type: 3}
      propertyPath: m_LocalScale.x
      value: 2
      objectReference: {fileID: 0}
    - target: {fileID: 3581385874147431799, guid: fd1722e3f74f8f846a52b0ab15316758,
        type: 3}
      propertyPath: m_LocalScale.y
      value: 2
      objectReference: {fileID: 0}
    - target: {fileID: 3581385874147431799, guid: fd1722e3f74f8f846a52b0ab15316758,
        type: 3}
      propertyPath: m_LocalScale.z
      value: 2
      objectReference: {fileID: 0}
    - target: {fileID: 3581385874147431799, guid: fd1722e3f74f8f846a52b0ab15316758,
        type: 3}
      propertyPath: m_LocalPosition.x
      value: 0
      objectReference: {fileID: 0}
    - target: {fileID: 3581385874147431799, guid: fd1722e3f74f8f846a52b0ab15316758,
        type: 3}
      propertyPath: m_LocalPosition.y
      value: 0.538
      objectReference: {fileID: 0}
    - target: {fileID: 3581385874147431799, guid: fd1722e3f74f8f846a52b0ab15316758,
        type: 3}
      propertyPath: m_LocalPosition.z
      value: -5.98
      objectReference: {fileID: 0}
    - target: {fileID: 3581385874147431799, guid: fd1722e3f74f8f846a52b0ab15316758,
        type: 3}
      propertyPath: m_LocalRotation.w
      value: 1
      objectReference: {fileID: 0}
    - target: {fileID: 3581385874147431799, guid: fd1722e3f74f8f846a52b0ab15316758,
        type: 3}
      propertyPath: m_LocalRotation.x
      value: 0
      objectReference: {fileID: 0}
    - target: {fileID: 3581385874147431799, guid: fd1722e3f74f8f846a52b0ab15316758,
        type: 3}
      propertyPath: m_LocalRotation.y
      value: -0
      objectReference: {fileID: 0}
    - target: {fileID: 3581385874147431799, guid: fd1722e3f74f8f846a52b0ab15316758,
        type: 3}
      propertyPath: m_LocalRotation.z
      value: -0
      objectReference: {fileID: 0}
    - target: {fileID: 3581385874147431799, guid: fd1722e3f74f8f846a52b0ab15316758,
        type: 3}
      propertyPath: m_LocalEulerAnglesHint.x
      value: 0
      objectReference: {fileID: 0}
    - target: {fileID: 3581385874147431799, guid: fd1722e3f74f8f846a52b0ab15316758,
        type: 3}
      propertyPath: m_LocalEulerAnglesHint.y
      value: 0
      objectReference: {fileID: 0}
    - target: {fileID: 3581385874147431799, guid: fd1722e3f74f8f846a52b0ab15316758,
        type: 3}
      propertyPath: m_LocalEulerAnglesHint.z
      value: 0
      objectReference: {fileID: 0}
    - target: {fileID: 3581385874147854679, guid: fd1722e3f74f8f846a52b0ab15316758,
        type: 3}
      propertyPath: m_Name
      value: Olive
      objectReference: {fileID: 0}
    - target: {fileID: 5229013306756250631, guid: fd1722e3f74f8f846a52b0ab15316758,
        type: 3}
      propertyPath: m_Material
      value: 
      objectReference: {fileID: 13400000, guid: 1a777e99ddfa11244a9d8a8d3026067f,
        type: 2}
    - target: {fileID: 8248121087800213746, guid: fd1722e3f74f8f846a52b0ab15316758,
        type: 3}
      propertyPath: m_UseGravity
      value: 0
      objectReference: {fileID: 0}
    - target: {fileID: 8248121087800213746, guid: fd1722e3f74f8f846a52b0ab15316758,
        type: 3}
      propertyPath: m_AngularDrag
      value: 0
      objectReference: {fileID: 0}
    - target: {fileID: 8248121087800213746, guid: fd1722e3f74f8f846a52b0ab15316758,
        type: 3}
      propertyPath: m_Constraints
      value: 116
      objectReference: {fileID: 0}
    - target: {fileID: 8248121087800213746, guid: fd1722e3f74f8f846a52b0ab15316758,
        type: 3}
      propertyPath: m_CollisionDetection
      value: 1
      objectReference: {fileID: 0}
    m_RemovedComponents: []
  m_SourcePrefab: {fileID: 100100000, guid: fd1722e3f74f8f846a52b0ab15316758, type: 3}
--- !u!1001 &1315507222
PrefabInstance:
  m_ObjectHideFlags: 0
  serializedVersion: 2
  m_Modification:
    m_TransformParent: {fileID: 0}
    m_Modifications:
    - target: {fileID: -3883687675649936643, guid: c53fbe4bfeb78c2449f3ff3083990758,
        type: 3}
      propertyPath: m_Material
      value: 
      objectReference: {fileID: 13400000, guid: 1a777e99ddfa11244a9d8a8d3026067f,
        type: 2}
    - target: {fileID: 257525902636772538, guid: c53fbe4bfeb78c2449f3ff3083990758,
        type: 3}
      propertyPath: m_RootOrder
      value: 6
      objectReference: {fileID: 0}
    - target: {fileID: 257525902636772538, guid: c53fbe4bfeb78c2449f3ff3083990758,
        type: 3}
      propertyPath: m_LocalScale.x
      value: 5
      objectReference: {fileID: 0}
    - target: {fileID: 257525902636772538, guid: c53fbe4bfeb78c2449f3ff3083990758,
        type: 3}
      propertyPath: m_LocalScale.y
      value: 5
      objectReference: {fileID: 0}
    - target: {fileID: 257525902636772538, guid: c53fbe4bfeb78c2449f3ff3083990758,
        type: 3}
      propertyPath: m_LocalScale.z
      value: 5
      objectReference: {fileID: 0}
    - target: {fileID: 257525902636772538, guid: c53fbe4bfeb78c2449f3ff3083990758,
        type: 3}
      propertyPath: m_LocalPosition.x
      value: 0
      objectReference: {fileID: 0}
    - target: {fileID: 257525902636772538, guid: c53fbe4bfeb78c2449f3ff3083990758,
        type: 3}
      propertyPath: m_LocalPosition.y
      value: 0.51
      objectReference: {fileID: 0}
    - target: {fileID: 257525902636772538, guid: c53fbe4bfeb78c2449f3ff3083990758,
        type: 3}
      propertyPath: m_LocalPosition.z
      value: -6.69
      objectReference: {fileID: 0}
    - target: {fileID: 257525902636772538, guid: c53fbe4bfeb78c2449f3ff3083990758,
        type: 3}
      propertyPath: m_LocalRotation.w
      value: 1
      objectReference: {fileID: 0}
    - target: {fileID: 257525902636772538, guid: c53fbe4bfeb78c2449f3ff3083990758,
        type: 3}
      propertyPath: m_LocalRotation.x
      value: 0
      objectReference: {fileID: 0}
    - target: {fileID: 257525902636772538, guid: c53fbe4bfeb78c2449f3ff3083990758,
        type: 3}
      propertyPath: m_LocalRotation.y
      value: -0
      objectReference: {fileID: 0}
    - target: {fileID: 257525902636772538, guid: c53fbe4bfeb78c2449f3ff3083990758,
        type: 3}
      propertyPath: m_LocalRotation.z
      value: -0
      objectReference: {fileID: 0}
    - target: {fileID: 257525902636772538, guid: c53fbe4bfeb78c2449f3ff3083990758,
        type: 3}
      propertyPath: m_LocalEulerAnglesHint.x
      value: 0
      objectReference: {fileID: 0}
    - target: {fileID: 257525902636772538, guid: c53fbe4bfeb78c2449f3ff3083990758,
        type: 3}
      propertyPath: m_LocalEulerAnglesHint.y
      value: 0
      objectReference: {fileID: 0}
    - target: {fileID: 257525902636772538, guid: c53fbe4bfeb78c2449f3ff3083990758,
        type: 3}
      propertyPath: m_LocalEulerAnglesHint.z
      value: 0
      objectReference: {fileID: 0}
    - target: {fileID: 257525902637265050, guid: c53fbe4bfeb78c2449f3ff3083990758,
        type: 3}
      propertyPath: m_Name
      value: PlayerControlledHotdog
      objectReference: {fileID: 0}
    - target: {fileID: 3815256232759697289, guid: c53fbe4bfeb78c2449f3ff3083990758,
        type: 3}
      propertyPath: m_UseGravity
      value: 0
      objectReference: {fileID: 0}
    - target: {fileID: 3815256232759697289, guid: c53fbe4bfeb78c2449f3ff3083990758,
        type: 3}
      propertyPath: m_AngularDrag
      value: 0
      objectReference: {fileID: 0}
    - target: {fileID: 3815256232759697289, guid: c53fbe4bfeb78c2449f3ff3083990758,
        type: 3}
      propertyPath: m_Constraints
      value: 116
      objectReference: {fileID: 0}
    - target: {fileID: 3815256232759697289, guid: c53fbe4bfeb78c2449f3ff3083990758,
        type: 3}
      propertyPath: m_IsKinematic
      value: 1
      objectReference: {fileID: 0}
    - target: {fileID: 3815256232759697289, guid: c53fbe4bfeb78c2449f3ff3083990758,
        type: 3}
      propertyPath: m_CollisionDetection
      value: 3
      objectReference: {fileID: 0}
    m_RemovedComponents: []
  m_SourcePrefab: {fileID: 100100000, guid: c53fbe4bfeb78c2449f3ff3083990758, type: 3}
--- !u!1 &1882750104 stripped
GameObject:
  m_CorrespondingSourceObject: {fileID: 3581385874147854679, guid: fd1722e3f74f8f846a52b0ab15316758,
    type: 3}
  m_PrefabInstance: {fileID: 1108556776}
  m_PrefabAsset: {fileID: 0}
--- !u!4 &1882750110 stripped
Transform:
  m_CorrespondingSourceObject: {fileID: 3581385874147431799, guid: fd1722e3f74f8f846a52b0ab15316758,
    type: 3}
  m_PrefabInstance: {fileID: 1108556776}
  m_PrefabAsset: {fileID: 0}
--- !u!114 &1882750111
MonoBehaviour:
  m_ObjectHideFlags: 0
  m_CorrespondingSourceObject: {fileID: 0}
  m_PrefabInstance: {fileID: 0}
  m_PrefabAsset: {fileID: 0}
  m_GameObject: {fileID: 1882750104}
  m_Enabled: 1
  m_EditorHideFlags: 0
  m_Script: {fileID: 11500000, guid: e221b1aaa589a8f4496ad62a2ea59ca0, type: 3}
  m_Name: 
  m_EditorClassIdentifier: 
  initial_force: {x: 0.4, y: 0, z: 0.4}
  wobbling_tr:
  - {fileID: 872732928}
  - {fileID: 72965582}
--- !u!1001 &1300179453206919138
PrefabInstance:
  m_ObjectHideFlags: 0
  serializedVersion: 2
  m_Modification:
    m_TransformParent: {fileID: 0}
    m_Modifications:
    - target: {fileID: 1300179453264384598, guid: 3dfa6392b71a35a4f8ba8b1a55dd2cc9,
        type: 3}
      propertyPath: m_Name
      value: Ground
      objectReference: {fileID: 0}
    - target: {fileID: 1300179453264384602, guid: 3dfa6392b71a35a4f8ba8b1a55dd2cc9,
        type: 3}
      propertyPath: m_RootOrder
      value: 8
      objectReference: {fileID: 0}
    - target: {fileID: 1300179453264384602, guid: 3dfa6392b71a35a4f8ba8b1a55dd2cc9,
        type: 3}
      propertyPath: m_LocalPosition.x
      value: 0
      objectReference: {fileID: 0}
    - target: {fileID: 1300179453264384602, guid: 3dfa6392b71a35a4f8ba8b1a55dd2cc9,
        type: 3}
      propertyPath: m_LocalPosition.y
      value: 0
      objectReference: {fileID: 0}
    - target: {fileID: 1300179453264384602, guid: 3dfa6392b71a35a4f8ba8b1a55dd2cc9,
        type: 3}
      propertyPath: m_LocalPosition.z
      value: 0
      objectReference: {fileID: 0}
    - target: {fileID: 1300179453264384602, guid: 3dfa6392b71a35a4f8ba8b1a55dd2cc9,
        type: 3}
      propertyPath: m_LocalRotation.w
      value: 1
      objectReference: {fileID: 0}
    - target: {fileID: 1300179453264384602, guid: 3dfa6392b71a35a4f8ba8b1a55dd2cc9,
        type: 3}
      propertyPath: m_LocalRotation.x
      value: 0
      objectReference: {fileID: 0}
    - target: {fileID: 1300179453264384602, guid: 3dfa6392b71a35a4f8ba8b1a55dd2cc9,
        type: 3}
      propertyPath: m_LocalRotation.y
      value: 0
      objectReference: {fileID: 0}
    - target: {fileID: 1300179453264384602, guid: 3dfa6392b71a35a4f8ba8b1a55dd2cc9,
        type: 3}
      propertyPath: m_LocalRotation.z
      value: 0
      objectReference: {fileID: 0}
    - target: {fileID: 1300179453264384602, guid: 3dfa6392b71a35a4f8ba8b1a55dd2cc9,
        type: 3}
      propertyPath: m_LocalEulerAnglesHint.x
      value: 0
      objectReference: {fileID: 0}
    - target: {fileID: 1300179453264384602, guid: 3dfa6392b71a35a4f8ba8b1a55dd2cc9,
        type: 3}
      propertyPath: m_LocalEulerAnglesHint.y
      value: 0
      objectReference: {fileID: 0}
    - target: {fileID: 1300179453264384602, guid: 3dfa6392b71a35a4f8ba8b1a55dd2cc9,
        type: 3}
      propertyPath: m_LocalEulerAnglesHint.z
      value: 0
      objectReference: {fileID: 0}
    m_RemovedComponents: []
  m_SourcePrefab: {fileID: 100100000, guid: 3dfa6392b71a35a4f8ba8b1a55dd2cc9, type: 3}
--- !u!1001 &6297754015147871375
PrefabInstance:
  m_ObjectHideFlags: 0
  serializedVersion: 2
  m_Modification:
    m_TransformParent: {fileID: 0}
    m_Modifications:
    - target: {fileID: 6297754014442389012, guid: b59dea7e1898e4841b999f8d36191016,
        type: 3}
      propertyPath: m_RootOrder
      value: 1
      objectReference: {fileID: 0}
    - target: {fileID: 6297754014442389012, guid: b59dea7e1898e4841b999f8d36191016,
        type: 3}
      propertyPath: m_LocalPosition.x
      value: 0
      objectReference: {fileID: 0}
    - target: {fileID: 6297754014442389012, guid: b59dea7e1898e4841b999f8d36191016,
        type: 3}
      propertyPath: m_LocalPosition.y
      value: 3
      objectReference: {fileID: 0}
    - target: {fileID: 6297754014442389012, guid: b59dea7e1898e4841b999f8d36191016,
        type: 3}
      propertyPath: m_LocalPosition.z
      value: 0
      objectReference: {fileID: 0}
    - target: {fileID: 6297754014442389012, guid: b59dea7e1898e4841b999f8d36191016,
        type: 3}
      propertyPath: m_LocalRotation.w
      value: 0.7308686
      objectReference: {fileID: 0}
    - target: {fileID: 6297754014442389012, guid: b59dea7e1898e4841b999f8d36191016,
        type: 3}
      propertyPath: m_LocalRotation.x
      value: 0.6315403
      objectReference: {fileID: 0}
    - target: {fileID: 6297754014442389012, guid: b59dea7e1898e4841b999f8d36191016,
        type: 3}
      propertyPath: m_LocalRotation.y
      value: -0.25551313
      objectReference: {fileID: 0}
    - target: {fileID: 6297754014442389012, guid: b59dea7e1898e4841b999f8d36191016,
        type: 3}
      propertyPath: m_LocalRotation.z
      value: 0.041245107
      objectReference: {fileID: 0}
    - target: {fileID: 6297754014442389012, guid: b59dea7e1898e4841b999f8d36191016,
        type: 3}
      propertyPath: m_LocalEulerAnglesHint.x
      value: 70.773
      objectReference: {fileID: 0}
    - target: {fileID: 6297754014442389012, guid: b59dea7e1898e4841b999f8d36191016,
        type: 3}
      propertyPath: m_LocalEulerAnglesHint.y
      value: -77.41701
      objectReference: {fileID: 0}
    - target: {fileID: 6297754014442389012, guid: b59dea7e1898e4841b999f8d36191016,
        type: 3}
      propertyPath: m_LocalEulerAnglesHint.z
      value: -52.841003
      objectReference: {fileID: 0}
    - target: {fileID: 6297754014442389014, guid: b59dea7e1898e4841b999f8d36191016,
        type: 3}
      propertyPath: m_Name
      value: Directional Light
      objectReference: {fileID: 0}
    m_RemovedComponents: []
  m_SourcePrefab: {fileID: 100100000, guid: b59dea7e1898e4841b999f8d36191016, type: 3}
--- !u!1001 &6413378242976334260
PrefabInstance:
  m_ObjectHideFlags: 0
  serializedVersion: 2
  m_Modification:
    m_TransformParent: {fileID: 0}
    m_Modifications:
    - target: {fileID: 6413378243287093668, guid: c344bf9972d334c43bf32f529634a39d,
        type: 3}
      propertyPath: m_Name
      value: LevelManager
      objectReference: {fileID: 0}
    - target: {fileID: 6413378243287093669, guid: c344bf9972d334c43bf32f529634a39d,
        type: 3}
      propertyPath: m_RootOrder
      value: 4
      objectReference: {fileID: 0}
    - target: {fileID: 6413378243287093669, guid: c344bf9972d334c43bf32f529634a39d,
        type: 3}
      propertyPath: m_LocalPosition.x
      value: 0
      objectReference: {fileID: 0}
    - target: {fileID: 6413378243287093669, guid: c344bf9972d334c43bf32f529634a39d,
        type: 3}
      propertyPath: m_LocalPosition.y
      value: 0
      objectReference: {fileID: 0}
    - target: {fileID: 6413378243287093669, guid: c344bf9972d334c43bf32f529634a39d,
        type: 3}
      propertyPath: m_LocalPosition.z
      value: 0
      objectReference: {fileID: 0}
    - target: {fileID: 6413378243287093669, guid: c344bf9972d334c43bf32f529634a39d,
        type: 3}
      propertyPath: m_LocalRotation.w
      value: 1
      objectReference: {fileID: 0}
    - target: {fileID: 6413378243287093669, guid: c344bf9972d334c43bf32f529634a39d,
        type: 3}
      propertyPath: m_LocalRotation.x
      value: 0
      objectReference: {fileID: 0}
    - target: {fileID: 6413378243287093669, guid: c344bf9972d334c43bf32f529634a39d,
        type: 3}
      propertyPath: m_LocalRotation.y
      value: 0
      objectReference: {fileID: 0}
    - target: {fileID: 6413378243287093669, guid: c344bf9972d334c43bf32f529634a39d,
        type: 3}
      propertyPath: m_LocalRotation.z
      value: 0
      objectReference: {fileID: 0}
    - target: {fileID: 6413378243287093669, guid: c344bf9972d334c43bf32f529634a39d,
        type: 3}
      propertyPath: m_LocalEulerAnglesHint.x
      value: 0
      objectReference: {fileID: 0}
    - target: {fileID: 6413378243287093669, guid: c344bf9972d334c43bf32f529634a39d,
        type: 3}
      propertyPath: m_LocalEulerAnglesHint.y
      value: 0
      objectReference: {fileID: 0}
    - target: {fileID: 6413378243287093669, guid: c344bf9972d334c43bf32f529634a39d,
        type: 3}
      propertyPath: m_LocalEulerAnglesHint.z
      value: 0
      objectReference: {fileID: 0}
    - target: {fileID: 6413378243287093670, guid: c344bf9972d334c43bf32f529634a39d,
        type: 3}
      propertyPath: bouncyMat
      value: 
      objectReference: {fileID: 13400000, guid: 1a777e99ddfa11244a9d8a8d3026067f,
        type: 2}
    - target: {fileID: 6413378243287093670, guid: c344bf9972d334c43bf32f529634a39d,
        type: 3}
      propertyPath: levelType
      value: 3
      objectReference: {fileID: 0}
    - target: {fileID: 6413378243287093670, guid: c344bf9972d334c43bf32f529634a39d,
        type: 3}
      propertyPath: planeBordersXZ.x
      value: 0.4
      objectReference: {fileID: 0}
    - target: {fileID: 6413378243287093670, guid: c344bf9972d334c43bf32f529634a39d,
        type: 3}
      propertyPath: planeBordersXZ.y
      value: 0.4
      objectReference: {fileID: 0}
    - target: {fileID: 6413378243287093670, guid: c344bf9972d334c43bf32f529634a39d,
        type: 3}
      propertyPath: objControlledByPlayer
      value: 3
      objectReference: {fileID: 0}
    - target: {fileID: 6413378243287093670, guid: c344bf9972d334c43bf32f529634a39d,
        type: 3}
      propertyPath: creationCollisionProtection
      value: 1
      objectReference: {fileID: 0}
    - target: {fileID: 6413378243287093671, guid: c344bf9972d334c43bf32f529634a39d,
        type: 3}
      propertyPath: itemsToPool.Array.size
      value: 7
      objectReference: {fileID: 0}
    - target: {fileID: 6413378243287093671, guid: c344bf9972d334c43bf32f529634a39d,
        type: 3}
      propertyPath: itemsToPool.Array.data[0].amountToPool
      value: 8
      objectReference: {fileID: 0}
    - target: {fileID: 6413378243287093671, guid: c344bf9972d334c43bf32f529634a39d,
        type: 3}
      propertyPath: itemsToPool.Array.data[0].objectToPool
      value: 
      objectReference: {fileID: 287748170172845101, guid: 813cc6c693806244b98f52f684b040f9,
        type: 3}
    - target: {fileID: 6413378243287093671, guid: c344bf9972d334c43bf32f529634a39d,
        type: 3}
      propertyPath: itemsToPool.Array.data[0].shouldExpand
      value: 1
      objectReference: {fileID: 0}
    - target: {fileID: 6413378243287093671, guid: c344bf9972d334c43bf32f529634a39d,
        type: 3}
      propertyPath: itemsToPool.Array.data[1].amountToPool
      value: 8
      objectReference: {fileID: 0}
    - target: {fileID: 6413378243287093671, guid: c344bf9972d334c43bf32f529634a39d,
        type: 3}
      propertyPath: itemsToPool.Array.data[1].objectToPool
      value: 
      objectReference: {fileID: 947651426527285067, guid: d53fb507eb02eb746a2be59d1788acae,
        type: 3}
    - target: {fileID: 6413378243287093671, guid: c344bf9972d334c43bf32f529634a39d,
        type: 3}
      propertyPath: itemsToPool.Array.data[1].shouldExpand
      value: 1
      objectReference: {fileID: 0}
    - target: {fileID: 6413378243287093671, guid: c344bf9972d334c43bf32f529634a39d,
        type: 3}
      propertyPath: itemsToPool.Array.data[2].amountToPool
      value: 8
      objectReference: {fileID: 0}
    - target: {fileID: 6413378243287093671, guid: c344bf9972d334c43bf32f529634a39d,
        type: 3}
      propertyPath: itemsToPool.Array.data[2].objectToPool
      value: 
      objectReference: {fileID: 2016804947049075883, guid: bc976cbb2b4e8b44ab6439ae4506f65e,
        type: 3}
    - target: {fileID: 6413378243287093671, guid: c344bf9972d334c43bf32f529634a39d,
        type: 3}
      propertyPath: itemsToPool.Array.data[2].shouldExpand
      value: 1
      objectReference: {fileID: 0}
    - target: {fileID: 6413378243287093671, guid: c344bf9972d334c43bf32f529634a39d,
        type: 3}
      propertyPath: itemsToPool.Array.data[3].amountToPool
      value: 8
      objectReference: {fileID: 0}
    - target: {fileID: 6413378243287093671, guid: c344bf9972d334c43bf32f529634a39d,
        type: 3}
      propertyPath: itemsToPool.Array.data[3].objectToPool
      value: 
      objectReference: {fileID: 1637178154496410763, guid: c0295e513064d1c4fbfe425a045b0393,
        type: 3}
    - target: {fileID: 6413378243287093671, guid: c344bf9972d334c43bf32f529634a39d,
        type: 3}
      propertyPath: itemsToPool.Array.data[3].shouldExpand
      value: 1
      objectReference: {fileID: 0}
    - target: {fileID: 6413378243287093671, guid: c344bf9972d334c43bf32f529634a39d,
        type: 3}
      propertyPath: itemsToPool.Array.data[4].amountToPool
      value: 8
      objectReference: {fileID: 0}
    - target: {fileID: 6413378243287093671, guid: c344bf9972d334c43bf32f529634a39d,
        type: 3}
      propertyPath: itemsToPool.Array.data[4].objectToPool
      value: 
      objectReference: {fileID: 1308861551572513350, guid: c6dfdc0a18a4fab448df0a3e61612aa4,
        type: 3}
    - target: {fileID: 6413378243287093671, guid: c344bf9972d334c43bf32f529634a39d,
        type: 3}
      propertyPath: itemsToPool.Array.data[4].shouldExpand
      value: 1
      objectReference: {fileID: 0}
    - target: {fileID: 6413378243287093671, guid: c344bf9972d334c43bf32f529634a39d,
        type: 3}
      propertyPath: itemsToPool.Array.data[5].amountToPool
      value: 8
      objectReference: {fileID: 0}
    - target: {fileID: 6413378243287093671, guid: c344bf9972d334c43bf32f529634a39d,
        type: 3}
      propertyPath: itemsToPool.Array.data[5].objectToPool
      value: 
      objectReference: {fileID: 257525902637265050, guid: c53fbe4bfeb78c2449f3ff3083990758,
        type: 3}
    - target: {fileID: 6413378243287093671, guid: c344bf9972d334c43bf32f529634a39d,
        type: 3}
      propertyPath: itemsToPool.Array.data[5].shouldExpand
      value: 1
      objectReference: {fileID: 0}
    - target: {fileID: 6413378243287093671, guid: c344bf9972d334c43bf32f529634a39d,
        type: 3}
      propertyPath: itemsToPool.Array.data[6].amountToPool
      value: 8
      objectReference: {fileID: 0}
    - target: {fileID: 6413378243287093671, guid: c344bf9972d334c43bf32f529634a39d,
        type: 3}
      propertyPath: itemsToPool.Array.data[6].objectToPool
      value: 
      objectReference: {fileID: 3581385874147854679, guid: fd1722e3f74f8f846a52b0ab15316758,
        type: 3}
    - target: {fileID: 6413378243287093671, guid: c344bf9972d334c43bf32f529634a39d,
        type: 3}
      propertyPath: itemsToPool.Array.data[6].shouldExpand
      value: 1
      objectReference: {fileID: 0}
    - target: {fileID: 6413378243287093671, guid: c344bf9972d334c43bf32f529634a39d,
        type: 3}
      propertyPath: itemsToPool.Array.data[7].amountToPool
      value: 2
      objectReference: {fileID: 0}
    - target: {fileID: 6413378243287093671, guid: c344bf9972d334c43bf32f529634a39d,
        type: 3}
      propertyPath: itemsToPool.Array.data[7].objectToPool
      value: 
      objectReference: {fileID: 1308861551572513350, guid: c6dfdc0a18a4fab448df0a3e61612aa4,
        type: 3}
    m_RemovedComponents: []
  m_SourcePrefab: {fileID: 100100000, guid: c344bf9972d334c43bf32f529634a39d, type: 3}
--- !u!1001 &8463661124266225167
PrefabInstance:
  m_ObjectHideFlags: 0
  serializedVersion: 2
  m_Modification:
    m_TransformParent: {fileID: 0}
    m_Modifications:
    - target: {fileID: 8463661124693452712, guid: 2fb2b5b7171d7344c9cfbc868a11a630,
        type: 3}
      propertyPath: m_RootOrder
      value: 7
      objectReference: {fileID: 0}
    - target: {fileID: 8463661124693452712, guid: 2fb2b5b7171d7344c9cfbc868a11a630,
        type: 3}
      propertyPath: m_LocalPosition.x
      value: 0.15789829
      objectReference: {fileID: 0}
    - target: {fileID: 8463661124693452712, guid: 2fb2b5b7171d7344c9cfbc868a11a630,
        type: 3}
      propertyPath: m_LocalPosition.y
      value: 0.6477433
      objectReference: {fileID: 0}
    - target: {fileID: 8463661124693452712, guid: 2fb2b5b7171d7344c9cfbc868a11a630,
        type: 3}
      propertyPath: m_LocalPosition.z
      value: -3.452469
      objectReference: {fileID: 0}
    - target: {fileID: 8463661124693452712, guid: 2fb2b5b7171d7344c9cfbc868a11a630,
        type: 3}
      propertyPath: m_LocalRotation.w
      value: 1
      objectReference: {fileID: 0}
    - target: {fileID: 8463661124693452712, guid: 2fb2b5b7171d7344c9cfbc868a11a630,
        type: 3}
      propertyPath: m_LocalRotation.x
      value: 0
      objectReference: {fileID: 0}
    - target: {fileID: 8463661124693452712, guid: 2fb2b5b7171d7344c9cfbc868a11a630,
        type: 3}
      propertyPath: m_LocalRotation.y
      value: 0
      objectReference: {fileID: 0}
    - target: {fileID: 8463661124693452712, guid: 2fb2b5b7171d7344c9cfbc868a11a630,
        type: 3}
      propertyPath: m_LocalRotation.z
      value: 0
      objectReference: {fileID: 0}
    - target: {fileID: 8463661124693452712, guid: 2fb2b5b7171d7344c9cfbc868a11a630,
        type: 3}
      propertyPath: m_LocalEulerAnglesHint.x
      value: 0
      objectReference: {fileID: 0}
    - target: {fileID: 8463661124693452712, guid: 2fb2b5b7171d7344c9cfbc868a11a630,
        type: 3}
      propertyPath: m_LocalEulerAnglesHint.y
      value: 0
      objectReference: {fileID: 0}
    - target: {fileID: 8463661124693452712, guid: 2fb2b5b7171d7344c9cfbc868a11a630,
        type: 3}
      propertyPath: m_LocalEulerAnglesHint.z
      value: 0
      objectReference: {fileID: 0}
    - target: {fileID: 8463661124693452713, guid: 2fb2b5b7171d7344c9cfbc868a11a630,
        type: 3}
      propertyPath: m_Name
      value: Border
      objectReference: {fileID: 0}
    m_RemovedComponents: []
  m_SourcePrefab: {fileID: 100100000, guid: 2fb2b5b7171d7344c9cfbc868a11a630, type: 3}
